
@Article{jirauschek20141,
  Title                    = {Modeling techniques for quantum cascade lasers},
  Author                   = {Jirauschek, Christian and Kubis, Tillmann},
  Journal                  = {Appl. Phys. Rev.},
  Year                     = {2014},
  Number                   = {1},
  Pages                    = {011307},
  Volume                   = {1},
  Publisher                = {AIP}
}

@article{airline_consolidation_and_consumer_welfare,
 ISSN = {00945056, 19394632},
 URL = {http://www.jstor.org/stable/40325667},
 author = {Elizabeth E. Bailey and Dong Liu},
 journal = {Eastern Economic Journal},
 number = {4},
 pages = {463--476},
 publisher = {Palgrave Macmillan Journals},
 title = {Airline Consolidation and Consumer Welfare},
 volume = {21},
 year = {1995}
}

@Misc{repository,
  Title                    = {Repository containing relevant code we have written for this project like analysis-scripts and sql-queries},
  Author                   = {Felix Niemeyer, Sai},
  HowPublished             = {\url{https://github.com/felixniemeyer/2014-flights-network-analysis}},
  Year                     = {2020}
}
